@inproceedings{rusinkiewicz2004estimating,
  title={Estimating curvatures and their derivatives on triangle meshes},
  author={Rusinkiewicz, Szymon},
  booktitle={null},
  pages={486--493},
  year={2004},
  organization={IEEE}
}

@article{petitjean2002survey,
  title={A survey of methods for recovering quadrics in triangle meshes},
  author={Petitjean, Sylvain},
  journal={ACM Computing Surveys (CSUR)},
  volume={34},
  number={2},
  pages={211--262},
  year={2002},
  publisher={ACM}
}

@incollection{meyer2003discrete,
  title={Discrete differential-geometry operators for triangulated 2-manifolds},
  author={Meyer, Mark and Desbrun, Mathieu and Schr{\"o}der, Peter and Barr, Alan H},
  booktitle={Visualization and mathematics III},
  pages={35--57},
  year={2003},
  publisher={Springer}
}

@inproceedings{yang2006robust,
  title={Robust principal curvatures on multiple scales},
  author={Yang, Yong-Liang and Lai, Yu-Kun and Hu, Shi-Min and Pottmann, Helmut and others},
  booktitle={Symposium on Geometry Processing},
  pages={223--226},
  year={2006}
}

@article{cazals2005estimating,
  title={Estimating differential quantities using polynomial fitting of osculating jets},
  author={Cazals, Fr{\'e}d{\'e}ric and Pouget, Marc},
  journal={Computer Aided Geometric Design},
  volume={22},
  number={2},
  pages={121--146},
  year={2005},
  publisher={Elsevier}
}

@article{borrelli2003angular,
  title={On the angular defect of triangulations and the pointwise approximation of curvatures},
  author={Borrelli, Vincent and Cazals, Fr{\'e}d{\'e}ric and Morvan, J-M},
  journal={Computer Aided Geometric Design},
  volume={20},
  number={6},
  pages={319--341},
  year={2003},
  publisher={Elsevier}
}

@article{panozzo2010efficient,
  title={Efficient multiscale curvature and crease estimation},
  author={Panozzo, D and Puppo, E and Rocca, L},
  journal={Proceedings of Computer Graphics, Computer Vision and Mathematics (Brno, Czech Rapubic},
  volume={1},
  number={6},
  year={2010},
  publisher={Citeseer}
}

@inproceedings{cohen2003restricted,
  title={Restricted delaunay triangulations and normal cycle},
  author={Cohen-Steiner, David and Morvan, Jean-Marie},
  booktitle={Proceedings of the nineteenth annual symposium on Computational geometry},
  pages={312--321},
  year={2003},
  organization={ACM}
}

@article{dyn2001optimizing,
  title={Optimizing 3D triangulations using discrete curvature analysis},
  author={Dyn, Nira and Hormann, Kai and Kim, Sun-Jeong and Levin, David},
  journal={Mathematical methods for curves and surfaces},
  volume={1},
  pages={135--146},
  year={2001}
}

@inproceedings{taubin1995estimating,
  title={Estimating the tensor of curvature of a surface from a polyhedral approximation},
  author={Taubin, Gabriel},
  booktitle={iccv},
  pages={902},
  year={1995},
  organization={IEEE}
}