@incollection{meyer2003discrete,
  title={Discrete differential-geometry operators for triangulated 2-manifolds},
  author={Meyer, Mark and Desbrun, Mathieu and Schr{\"o}der, Peter and Barr, Alan H},
  booktitle={Visualization and mathematics III},
  pages={35--57},
  year={2003},
  publisher={Springer}
}